Owner@RADT1.31908:1621643608